@article{fawole2019dispersion,
  title     = {Dispersion of gas flaring emissions in the Niger delta: Impact of prevailing meteorological conditions and flare characteristics},
  author    = {Fawole, Olusegun G and Cai, Xiaoming and Abiye, Olawale E and MacKenzie, AR},
  journal   = {Environmental pollution},
  volume    = {246},
  year      = {2019},
  pages     = {284--293},
  publisher = {Elsevier}
}

@article{mousavi2022evaluating,
  title     = {Evaluating CO, NO2, and SO2 Emissions From Stacks of Turbines and Gas Furnaces of Oil and Gas Pro cessing Complex Using AERMOD},
  author    = {Mousavi, Seyed Sadegh and Goudarzi, Gholamreza and Sabzalipour, Sima and Mohamadi Roozbahani, Maryam and Mobarak Hassan, Elham},
  journal   = {Archives of Hygiene Sciences},
  volume    = {11},
  number    = {2},
  pages     = {113--126},
  year      = {2022},
  publisher = {Archives of Hygiene Sciences}
}

@article{mousavi2021evaluation,
  title     = {An evaluation of CO, CO2, and SO2 emissions during continuous and non-continuous operation in a gas refinery using the AERMOD},
  author    = {Mousavi, Seyed Sadegh and Goudarzi, Gholamreza and Sabzalipour, Sima and Rouzbahani, Maryam Mohammadi and Mobarak Hassan, Elham},
  journal   = {Environmental Science and Pollution Research},
  volume    = {28},
  number    = {40},
  pages     = {56996--57008},
  year      = {2021},
  publisher = {Springer}
}

@article{happinessmodeling,
  title  = {Modeling of gaseous pollutants dispersion of a fossil fuel-fired power plant at Omotosho, Ondo State, Nigeria},
  author = {Happiness, Rhoda Omolade and Ogunniran, Blessing Ifeoluwa and Oluleye, Ayo}
}

@article{mirrezaei2019impact,
  title     = {Impact Of Meteorological Parameters On Dispersion Modeling Of Sulfur Dioxide From Gas Flares (Case Study: Sirri Island)},
  author    = {Mirrezaei, MA},
  journal   = {Iranica Journal of Energy \& Environment},
  volume    = {10},
  number    = {4},
  pages     = {288--295},
  year      = {2019},
  publisher = {Babol Noshirvani University of Technology}
}

@article{eslami2024dispersion,
  title     = {Dispersion of SO2 emissions in a gas refinery by AERMOD modeling and human health risk: a case study in the Middle East},
  author    = {Eslami Doost, Zahra and Dehghani, Samaneh and Samaei, Mohammad Reza and Arabzadeh, Morteza and Baghapour, Mohammad Ali and Hashemi, Hassan and Oskoei, Vahide and Mohammadpour, Amin and De Marcoc, Alessandra},
  journal   = {International Journal of Environmental Health Research},
  volume    = {34},
  number    = {2},
  pages     = {1227--1240},
  year      = {2024},
  publisher = {Taylor \& Francis}
}

@article{wang2022dispersion,
  title     = {Dispersion modeling of particulate matter from the in-situ burning of spilled oil in the northwest Arctic area of Canada},
  author    = {Wang, Zheng and An, Chunjiang and Lee, Kenneth and Owens, Edward and Boufadel, Michel and Feng, Qi},
  journal   = {Journal of Environmental Management},
  volume    = {301},
  pages     = {113913},
  year      = {2022},
  publisher = {Elsevier}
}

@article{tarassoli2019investigation,
  title   = {Investigation of gaseous pollutants in residential-industrial area: Ambient levels, temporal variation and health risk assessment},
  author  = {Tarassoli, Ahmad and Sari, Abbas Esmaili and Bahramifar, Nader},
  journal = {Journal of Air Pollution and Health},
  year    = {2019}
}

@article{edeemissions,
  title     = {EMISSIONS DISPERSION SIMULATED FOR A CRUDE OIL TANK FARM EXPLOSION IN THE NIGER DELTA OF NIGERIA},
  author    = {Ede, Precious N and Edokpa, David O},
  year      = {2017},
  volume    = {11},
  journal   = {Nigerian Environment Society},
  publisher = {JNES}
}

@article{nwosisi2020dispersion,
  title     = {Dispersion and emission patterns of NO2 from gas flaring stations in the niger delta, nigeria},
  author    = {Nwosisi, MC and Oguntoke, O and Taiwo, AM},
  journal   = {Modeling earth systems and environment},
  pages     = {73--84},
  year      = {2020},
  publisher = {Springer}
}

@article{khaleghi2023methane,
  title  = {Methane emission rate estimate using airborne measurement at offshore oil platforms in Newfoundland and Labrador, Canada},
  author = {Khaleghi, Afshan and MacKay, Katlyn and Darlington, Andrea and James, Lesley A and Risk, David},
  year   = {2023}
}

@article{an2016atmospheric,
  title     = {Atmospheric dispersion characteristics of radioactive materials according to the local weather and emission conditions},
  author    = {An, Hye Yeon and Kang, Yoon-Hee and Song, Sang-Keun and Kim, Yoo-Keun},
  journal   = {Journal of Radiation Protection and Research},
  volume    = {41},
  number    = {4},
  pages     = {315--327},
  year      = {2016},
  publisher = {Korean Association for Radiation Protection}
}

@article{christoudias2014atmospheric,
  title     = {Atmospheric dispersion of radioactivity from nuclear power plant accidents: Global assessment and case study for the Eastern Mediterranean and Middle East},
  author    = {Christoudias, Theodoros and Proestos, Yiannis and Lelieveld, Jos},
  journal   = {Energies},
  volume    = {7},
  number    = {12},
  pages     = {8338--8354},
  year      = {2014},
  publisher = {MDPI}
}

@article{popovicheva2022siberian,
  title     = {Siberian Arctic black carbon: gas flaring and wildfire impact},
  author    = {Popovicheva, Olga B and Evangeliou, Nikolaos and Kobelev, Vasilii O and Chichaeva, Marina A and Eleftheriadis, Konstantinos and Gregori{\v{c}}, Asta and Kasimov, Nikolay S},
  journal   = {Atmospheric Chemistry and Physics},
  volume    = {22},
  number    = {9},
  pages     = {5983--6000},
  year      = {2022},
  publisher = {Copernicus GmbH}
}

@article{miao2014multi,
  title     = {A multi-scale urban atmospheric dispersion model for emergency management},
  author    = {Miao, Yucong and Liu, Shuhua and Zheng, Hui and Zheng, Yijia and Chen, Bicheng and Wang, Shu},
  journal   = {Advances in Atmospheric Sciences},
  volume    = {31},
  pages     = {1353--1365},
  year      = {2014},
  publisher = {Springer}
}

@article{caseiro2023quantification,
  title     = {Quantification of Gas Flaring from Satellite Imagery: A Comparison of Two Methods for SLSTR and BIROS Imagery},
  author    = {Caseiro, Alexandre and Soszy{\'n}ska, Agnieszka},
  journal   = {Journal of Imaging},
  volume    = {9},
  number    = {8},
  pages     = {152},
  year      = {2023},
  publisher = {MDPI}
}
@inproceedings{henao2017direct,
  title        = {Direct and Indirect Effects of Precipitation on Particulate Matter Concentration in the Aburr{\'a} Valley},
  author       = {Henao, Natalia Rold{\'a}n and Ortiz, Carlos David Hoyos and Herrera, Laura},
  booktitle    = {2017 AGU Fall Meeting},
  year         = {2017},
  organization = {AGU}
}
@article{wallace2010topographic,
  title     = {Topographic and spatial impacts of temperature inversions on air quality using mobile air pollution surveys},
  author    = {Wallace, Julie and Corr, Denis and Kanaroglou, Pavlos},
  journal   = {Science of the total environment},
  volume    = {408},
  number    = {21},
  pages     = {5086--5096},
  year      = {2010},
  publisher = {Elsevier}
}
@article{cimorelli2005aermod,
  title     = {AERMOD: A dispersion model for industrial source applications. Part I: General model formulation and boundary layer characterization},
  author    = {Cimorelli, Alan J and Perry, Steven G and Venkatram, Akula and Weil, Jeffrey C and Paine, Robert J and Wilson, Robert B and Lee, Russell F and Peters, Warren D and Brode, Roger W},
  journal   = {Journal of Applied Meteorology and Climatology},
  volume    = {44},
  number    = {5},
  pages     = {682--693},
  year      = {2005},
  publisher = {American Meteorological Society}
}

@article{amoatey2019performance,
  title     = {Performance of AERMOD and CALPUFF models on SO2 and NO2 emissions for future health risk assessment in Tema Metropolis},
  author    = {Amoatey, Patrick and Omidvarborna, Hamid and Affum, Hannah A and Baawain, Mahad},
  journal   = {Human and Ecological Risk Assessment: An International Journal},
  volume    = {25},
  number    = {3},
  pages     = {772--786},
  year      = {2019},
  publisher = {Taylor \& Francis}
}

@article{afzali2017prediction,
  title     = {Prediction of air pollutants concentrations from multiple sources using AERMOD coupled with WRF prognostic model},
  author    = {Afzali, Afsaneh and Rashid, M and Afzali, Mahboubeh and Younesi, Vahid},
  journal   = {Journal of Cleaner Production},
  volume    = {166},
  pages     = {1216--1225},
  year      = {2017},
  publisher = {Elsevier}
}
@article{idriss2003emergency,
  title  = {Emergency/process upset flaring management: modelling guide. Rev},
  author = {Idriss, A},
  year   = {2003}
}

@article{elsharkawy2004efficient,
  title     = {Efficient methods for calculations of compressibility, density and viscosity of natural gases},
  author    = {Elsharkawy, Adel M},
  journal   = {Fluid Phase Equilibria},
  volume    = {218},
  number    = {1},
  pages     = {1--13},
  year      = {2004},
  publisher = {Elsevier}
}

@article{promkotra2014chemical,
  title     = {Chemical thermodynamics of hydrocarbon compositions in natural gas field, Northeast of Thailand},
  author    = {Promkotra, Sarunya and Kangsadan, Tawiwan},
  journal   = {Progress in Exergy, Energy, and the Environment},
  pages     = {1017--1027},
  year      = {2014},
  publisher = {Springer}
}
@techreport{Hebron2010,
  author      = {{Stantec Consulting Ltd}},
  title       = {Air Emissions and Dispersion Modelling Study for the Hebron Project},
  institution = {Exxon Mobil Canada Properties},
  year        = 2010,
  type        = {Final Report},
  number      = {File: 121510222},
  address     = {Canada},
  month       = {June}
}

@misc{WorldBankFlaring,
  author = {{World Bank}},
  title  = {Global Gas Flaring Data},
  year   = {2022},
  note   = {Available at: \url{https://www.worldbank.org/en/programs/gasflaringreduction/global-flaring-data} (Accessed: 09 June 2024)}
}

@techreport{Ontario2024,
  title       = {Modelling Open Flares},
  author      = {{MOE and C.C}},
  year        = {2024},
  institution = {Ontario Ministry of the Environment and Climate Change},
  url         = {https://files.ontario.ca/modelling-open-flares.pdf},
  note        = {Accessed: 2024-06-09}
}

@book{Beychok1994,
  author    = {Milton R. Beychok},
  title     = {Fundamentals of Stack Gas Dispersion},
  volume    = {63},
  year      = {1994},
  publisher = {Milton R. Beychok},
  address   = {Irvine}
}
